@InProceedings{osokin2017biogans,
author = {A. Osokin, A. Chessel, RE. Carazo Salas, and Federico Vaggi},
title = {{GANs} for Biological Image Synthesis},
booktitle = {Proceedings of the International Conference on Computer Vision (ICCV)},
year = {2017} 
}
@article{DBLP:journals/corr/GulrajaniAADC17,
  author    = {Ishaan Gulrajani and
               Faruk Ahmed and
               Mart{\'{\i}}n Arjovsky and
               Vincent Dumoulin and
               Aaron C. Courville},
  title     = {Improved Training of Wasserstein GANs},
  journal   = {CoRR},
  volume    = {abs/1704.00028},
  year      = {2017},
  url       = {http://arxiv.org/abs/1704.00028},
  archivePrefix = {arXiv},
  eprint    = {1704.00028},
  timestamp = {Wed, 07 Jun 2017 14:42:35 +0200},
  biburl    = {http://dblp.org/rec/bib/journals/corr/GulrajaniAADC17},
  bibsource = {dblp computer science bibliography, http://dblp.org}
}

@ARTICLE{2017arXiv170107875A,
   author = {{Arjovsky}, M. and {Chintala}, S. and {Bottou}, L.},
    title = "{Wasserstein GAN}",
  journal = {arXiv preprint arXiv:1701.07875},
archivePrefix = "arXiv",
   eprint = {1701.07875},
 primaryClass = "stat.ML",
 keywords = {Statistics - Machine Learning, Computer Science - Learning},
     year = {2017},
    %month = {Jan},
   adsurl = {http://adsabs.harvard.edu/abs/2017arXiv170107875A},
  adsnote = {Provided by the SAO/NASA Astrophysics Data System}
}
@article{DBLP:journals/corr/RadfordMC15,
  author    = {Alec Radford and
               Luke Metz and
               Soumith Chintala},
  title     = {Unsupervised Representation Learning with Deep Convolutional Generative
               Adversarial Networks},
  journal   = {CoRR},
  volume    = {abs/1511.06434},
  year      = {2015},
  url       = {http://arxiv.org/abs/1511.06434},
  archivePrefix = {arXiv},
  eprint    = {1511.06434},
  timestamp = {Wed, 07 Jun 2017 14:40:30 +0200},
  biburl    = {http://dblp.org/rec/bib/journals/corr/RadfordMC15},
  bibsource = {dblp computer science bibliography, http://dblp.org}
}

@incollection{NIPS2014_5423,
    title = {Generative Adversarial Nets},
    author = {I. Goodfellow, Ian and Pouget-Abadie, Jean and Mirza, Mehdi and Xu, Bing and Warde-Farley, David and Ozair, Sherjil and Courville, Aaron and Bengio, Yoshua},
    booktitle = {Advances in Neural Information Processing Systems 27},
    editor = {Z. Ghahramani and M. Welling and C. Cortes and N. D. Lawrence and K. Q. Weinberger},
    pages = {2672--2680},
    year = {2014},
    publisher = {Curran Associates, Inc.},
    url = {http://papers.nips.cc/paper/5423-generative-adversarial-nets.pdf}
}
@ARTICLE{motionfromannotations,
   author = {{Arikan}, O. and {Forsyth}, D. and {O'Brien}, JF.},
    title = "{Motion Synthesis from Annotations}",
    journal = {"ACM Transactions on Graphics (TOG)"},
    volume = {22},
    issue = {3},
    pages = {402--408},
    year = {2003},
    %month = {July}
   
}
@ARTICLE{punctuateproteinpattern,
   author = {{Johnson}, GR. and {Li}, J. and {Shariff}, A. and {Rohde} GK. and {Murphy} RF(2015)},
    title = "{Automated Learning of Subcellular Variation among  Punctate Protein Patterns and a Generative Model of Their Relation to Microtubules}",
    journal = {"PLoS Comput Biol"},
    volume = {11(12): e1004614},
    doi = {"https://doi.org/10.1371/journal.pcbi.1004614"},
    year = {2015},
    %month = {Dec},
}
@ARTICLE{armotionsynthesis,
   author = {{Oziem}, D. and {Campbell}, N. and {Dalton}, C. and {Gibson} D. and {Thomas} B},
    title = "{Combining Sampling and Autoregression for Motion Synthesis}",
    journal = {"Proceedings of the Computer Graphics International"},
    pages = {510--513},
    year = {2004},
    %month = {June 16-19},
}
@ARTICLE{spquinn,
   author = {{Quinn}, SP. and {Zahid}, MJ. and {Durkin} JR and {Francis} RJ. and {Lo} CW and {Chennubhotla} SC},
    title = "{Automated identification of abnormal respiratory ciliary motion in nasal biopsies}",
    journal = {"Science Translational Medicine"},
    volume = {7},
    pages = {299ra124},
    year = {2015},
    %month = {Aug},
}
@article{DBLP:journals/corr/VillegasYHLL17,
  author    = {Ruben Villegas and
               Jimei Yang and
               Seunghoon Hong and
               Xunyu Lin and
               Honglak Lee},
  title     = {Decomposing Motion and Content for Natural Video Sequence Prediction},
  journal   = {CoRR},
  volume    = {abs/1706.08033},
  year      = {2017}
}
@inproceedings{DBLP:conf/nips/VondrickPT16,
  author    = {Carl Vondrick and
               Hamed Pirsiavash and
               Antonio Torralba},
  title     = {Generating Videos with Scene Dynamics},
  booktitle = {{NIPS}},
  pages     = {613--621},
  year      = {2016}
}
@ARTICLE{2017arXiv170500092J,
   author = {{Johnson}, G.~R. and {Donovan-Maiye}, R.~M. and {Maleckar}, M.~M.
	},
    title = "{Generative Modeling with Conditional Autoencoders: Building an Integrated Cell}",
  journal = {arXiv preprint arXiv:1705.00092},
archivePrefix = "arXiv",
   eprint = {1705.00092},
 primaryClass = "stat.ML",
 keywords = {Statistics - Machine Learning, Quantitative Biology - Cell Behavior, Quantitative Biology - Subcellular Processes},
     year = {2017},
    %month = {Apr},
   adsurl = {http://adsabs.harvard.edu/abs/2017arXiv170500092J},
  adsnote = {Provided by the SAO/NASA Astrophysics Data System}
}
@ARTICLE{howneutrophilskill,
   author = {{Sehgal}, AW.},
    title = "{How Neutrophils Kill Microbes}",
  journal = {Annual Review of Immunology},
    volume = {23},
      year = {2005},
    %month = {apr},
   pages = {197-223}
}
@article{journals/corr/KingmaW13,
  added-at = {2014-01-06T00:00:00.000+0100},
  author = {{Kingma}, DP. and {Welling}, M.},
  ee = {http://arxiv.org/abs/1312.6114},
  interhash = {85731e0fbdb10b8543ea9f55301b37a5},
  intrahash = {486ad13a443259d137cb57be1dc77002},
  journal = {CoRR},
  keywords = {dblp},
  timestamp = {2014-01-07T11:34:31.000+0100},
  title = {Auto-Encoding Variational Bayes.},
  url = {http://dblp.uni-trier.de/db/journals/corr/corr1312.html#KingmaW13},
  volume = {abs/1312.6114},
  year = {2013}
}
@article{DBLP:journals/corr/OordKVEGK16,
  author    = {A{\"{a}}ron van den Oord and
               Nal Kalchbrenner and
               Oriol Vinyals and
               Lasse Espeholt and
               Alex Graves and
               Koray Kavukcuoglu},
  title     = {Conditional Image Generation with PixelCNN Decoders},
  journal   = {CoRR},
  volume    = {abs/1606.05328},
  year      = {2016},
  url       = {http://arxiv.org/abs/1606.05328},
  archivePrefix = {arXiv},
  eprint    = {1606.05328},
  timestamp = {Wed, 07 Jun 2017 14:40:30 +0200},
  biburl    = {http://dblp.org/rec/bib/journals/corr/OordKVEGK16},
  bibsource = {dblp computer science bibliography, http://dblp.org}
}


@article{lecun-mnisthandwrittendigit-2010,
  added-at = {2010-06-28T21:16:30.000+0200},
  author = {LeCun, Yann and Cortes, Corinna},
  biburl = {https://www.bibsonomy.org/bibtex/2935bad99fa1f65e03c25b315aa3c1032/mhwombat},
  groups = {public},
  howpublished = {http://yann.lecun.com/exdb/mnist/},
  interhash = {21b9d0558bd66279df9452562df6e6f3},
  intrahash = {935bad99fa1f65e03c25b315aa3c1032},
  keywords = {MSc _checked character_recognition mnist network neural},
  lastchecked = {2016-01-14 14:24:11},
  timestamp = {2016-07-12T19:25:30.000+0200},
  title = {{MNIST} handwritten digit database},
  url = {http://yann.lecun.com/exdb/mnist/},
  username = {mhwombat},
  year = {2010}
}
@inproceedings{liu2015faceattributes,
 author = {Ziwei Liu and Ping Luo and Xiaogang Wang and Xiaoou Tang},
 title = {Deep Learning Face Attributes in the Wild},
 booktitle = {Proceedings of International Conference on Computer Vision (ICCV)},
 %month = {December},
 year = {2015} 
}
@article{DBLP:journals/corr/YuZSSX15,
  author    = {Fisher Yu and
               Yinda Zhang and
               Shuran Song and
               Ari Seff and
               Jianxiong Xiao},
  title     = {{LSUN:} Construction of a Large-scale Image Dataset using Deep Learning
               with Humans in the Loop},
  journal   = {CoRR},
  volume    = {abs/1506.03365},
  year      = {2015},
  url       = {http://arxiv.org/abs/1506.03365},
  archivePrefix = {arXiv},
  eprint    = {1506.03365},
  timestamp = {Wed, 07 Jun 2017 14:40:17 +0200},
  biburl    = {http://dblp.org/rec/bib/journals/corr/YuZSSX15},
  bibsource = {dblp computer science bibliography, http://dblp.org}
}

@inproceedings{imagenet_cvpr09,
        AUTHOR = {Deng, J. and Dong, W. and Socher, R. and Li, L.-J. and Li, K. and Fei-Fei, L.},
        TITLE = {{ImageNet: A Large-Scale Hierarchical Image Database}},
        BOOKTITLE = {CVPR09},
        YEAR = {2009},
        BIBSOURCE = "http://www.image-net.org/papers/imagenet_cvpr09.bib"}
@article{DBLP:journals/corr/ReedAYLSL16,
  author    = {Scott E. Reed and
               Zeynep Akata and
               Xinchen Yan and
               Lajanugen Logeswaran and
               Bernt Schiele and
               Honglak Lee},
  title     = {Generative Adversarial Text to Image Synthesis},
  journal   = {CoRR},
  volume    = {abs/1605.05396},
  year      = {2016},
  url       = {http://arxiv.org/abs/1605.05396},
  archivePrefix = {arXiv},
  eprint    = {1605.05396},
  timestamp = {Wed, 07 Jun 2017 14:40:14 +0200},
  biburl    = {http://dblp.org/rec/bib/journals/corr/ReedAYLSL16},
  bibsource = {dblp computer science bibliography, http://dblp.org}
}
@inproceedings{3dgan,
  title={Learning a probabilistic latent space of object shapes via 3d generative-adversarial modeling},
  author={Wu, Jiajun and Zhang, Chengkai and Xue, Tianfan and Freeman, William T and Tenenbaum, Joshua B},
  booktitle={Advances in Neural Information Processing Systems},
  pages={82--90},
  year={2016}
}
@article{DBLP:journals/corr/LedigTHCATTWS16,
  author    = {Christian Ledig and
               Lucas Theis and
               Ferenc Huszar and
               Jose Caballero and
               Andrew P. Aitken and
               Alykhan Tejani and
               Johannes Totz and
               Zehan Wang and
               Wenzhe Shi},
  title     = {Photo-Realistic Single Image Super-Resolution Using a Generative Adversarial
               Network},
  journal   = {CoRR},
  volume    = {abs/1609.04802},
  year      = {2016},
  url       = {http://arxiv.org/abs/1609.04802},
  archivePrefix = {arXiv},
  eprint    = {1609.04802},
  timestamp = {Wed, 07 Jun 2017 14:40:32 +0200},
  biburl    = {http://dblp.org/rec/bib/journals/corr/LedigTHCATTWS16},
  bibsource = {dblp computer science bibliography, http://dblp.org}
}
@article{DBLP:journals/corr/JegouDVRB16,
  author    = {Simon J{\'{e}}gou and
               Michal Drozdzal and
               David V{\'{a}}zquez and
               Adriana Romero and
               Yoshua Bengio},
  title     = {The One Hundred Layers Tiramisu: Fully Convolutional DenseNets for
               Semantic Segmentation},
  journal   = {CoRR},
  volume    = {abs/1611.09326},
  year      = {2016},
  url       = {http://arxiv.org/abs/1611.09326},
  archivePrefix = {arXiv},
  eprint    = {1611.09326},
  timestamp = {Wed, 07 Jun 2017 14:40:48 +0200},
  biburl    = {http://dblp.org/rec/bib/journals/corr/JegouDVRB16},
  bibsource = {dblp computer science bibliography, http://dblp.org}
}
@ARTICLE{zhao2007automated,
  title={Automated learning of generative models for subcellular location: building blocks for systems biology},
  author={Zhao, Ting and Murphy, Robert F},
  journal={Cytometry Part A},
  volume={71},
  number={12},
  pages={978--990},
  year={2007},
  publisher={Wiley Online Library}
}
@ARTICLE{Cootes:1995:ASM:206543.206547,
 author = {Cootes, T. F. and Taylor, C. J. and Cooper, D. H. and Graham, J.},
 title = {Active Shape Models-Their Training and Application},
 journal = {Comput. Vis. Image Underst.},
 issue_date = {Jan. 1995},
 volume = {61},
 number = {1},
 %month = jan,
 year = {1995},
 issn = {1077-3142},
 pages = {38--59},
 numpages = {22},
 url = {http://dx.doi.org/10.1006/cviu.1995.1004},
 doi = {10.1006/cviu.1995.1004},
 acmid = {206547},
 publisher = {Elsevier Science Inc.},
 address = {New York, NY, USA},
}






