@article{ad04bba6acd84038b8d6e913b5669b55,
    title = "Practical generation of video textures using the auto-regressive process",
    author = "NW Campbell and CJ Dalton and DP Gibson and DJ Oziem and BT Thomas",
    note = "Publisher: Elsevier",
    year = "2004",
    doi = "10.1016/j.imavis.2004.02.008",
    volume = "22 (10)",
    pages = "819 -- 827",
    journal = "Image \& Vision Computing",
    issn = "0262-8856",
}

